<?xml version="1.0" encoding="UTF-8"?><collection xmlns="http://www.loc.gov/MARC21/slim"><record><leader>00496nam--2200181-i-4500</leader><controlfield tag="001">000009893</controlfield><controlfield tag="002">20161230</controlfield><controlfield tag="005">20161230201028</controlfield><controlfield tag="008">060222s1000------------r-----000-0-eng-d</controlfield><datafield ind1=" " ind2=" " tag="040"><subfield code="a">IFIN-HH</subfield></datafield><datafield ind1=" " ind2=" " tag="080"><subfield code="a">539.2:539.173</subfield></datafield><datafield ind1="1" ind2=" " tag="100"><subfield code="a">Chadderton, Lewis T</subfield></datafield><datafield ind1="1" ind2="0" tag="245"><subfield code="a">Fission damage in crystals</subfield><subfield code="c">Lewis t. chadderton, ian mcc. torrens</subfield></datafield><datafield ind1=" " ind2=" " tag="260"><subfield code="a">London</subfield><subfield code="b">Methuen &amp; Co.Ltd</subfield><subfield code="c">1969</subfield></datafield><datafield ind1=" " ind2=" " tag="300"><subfield code="a">XI + 265 P</subfield></datafield><datafield ind1="1" ind2=" " tag="700"><subfield code="a">Torrents, Ian Mcc</subfield></datafield><datafield ind1=" " ind2=" " tag="852"><subfield code="a">35870</subfield><subfield code="c">539.2</subfield></datafield><datafield ind1=" " ind2=" " tag="CAT"><subfield code="a">Sys</subfield><subfield code="c">20121019</subfield><subfield code="h">114145</subfield></datafield></record></collection>